

@misc{whoi_v4_feature_extractor,
  url = {https://github.com/WHOIGit/ifcb-features},
  author = {Joe Futrelle, Shravani Nagala},
  title = {ifcb-features},
  publisher = {Woods Hole Oceanographic Institution},
  year = {2025},
  copyright = {MIT License}
}